@article{batelaan2009aharonov,
  title={The Aharonov-Bohm effects: Variations on a subtle theme},
  author={Batelaan, Herman and Tonomura, Akira},
  year={2009}
}

@article{aharonov1959significance,
  title={Significance of electromagnetic potentials in the quantum theory},
  author={Aharonov, Yakir and Bohm, David},
  journal={Physical Review},
  volume={115},
  number={3},
  pages={485},
  year={1959},
  publisher={APS}
}

@article{wiese2013ultracold,
  title={Ultracold quantum gases and lattice systems: quantum simulation of lattice gauge theories},
  author={Wiese, U-J},
  journal={Annalen der Physik},
  volume={525},
  number={10-11},
  pages={777--796},
  year={2013},
  publisher={Wiley Online Library}
}


@article{dalmonte2016lattice,
  title={Lattice gauge theory simulations in the quantum information era},
  author={Dalmonte, Marcello and Montangero, Simone},
  journal={Contemporary Physics},
  volume={57},
  number={3},
  pages={388--412},
  year={2016},
  publisher={Taylor \& Francis}
}


@article{chandrasekharan1999meron,
  title={Meron-cluster solution of fermion sign problems},
  author={Chandrasekharan, Shailesh and Wiese, Uwe-Jens},
  journal={Physical Review Letters},
  volume={83},
  number={16},
  pages={3116},
  year={1999},
  publisher={APS}
}





@article{childs2018toward,
  title={Toward the first quantum simulation with quantum speedup},
  author={Childs, Andrew M and Maslov, Dmitri and Nam, Yunseong and Ross, Neil J and Su, Yuan},
  journal={Proceedings of the National Academy of Sciences},
  volume={115},
  number={38},
  pages={9456--9461},
  year={2018},
  publisher={National Acad Sciences}
}













@book{medel2020,
    title={Teoría Electromagnética},
    author={Medel-Cobaxin, Héctor J.},
    year={2020},
    publisher={Tecnológico de Monterrey}
}

@book{penedones2018,
    title={Classical Electrodynamics: Summary Notes},
    author={Penedones, 
João M.A.},
    year={2018},
    publisher={École polytechnique fédérale de Lausanne}
}


@book{griffiths1962introduction,
  title={Introduction to electrodynamics},
  author={Griffiths, David J},
  year={1962},
  publisher={Prentice Hall New Jersey}
}


@book{purcell1965electricity,
  title={Electricity and magnetism},
  author={Purcell, Edward M and Purcell, Edward Mills},
  volume={2},
  year={1965},
  publisher={McGraw-Hill New York}
}


@book{wangsness1979electromagnetic,
  title={Electromagnetic fields},
  author={Wangsness, Ronald K},
  volume={2},
  year={1979},
  publisher={Wiley New York}
}


@misc{lorrainelectromagnetic,
  title={Electromagnetic Fields and Waves, 1970},
  author={Lorrain, Paul and Corson, Dale R},
  publisher={Freeman, New York}
}


@book{panofsky2005classical,
  title={Classical electricity and magnetism},
  author={Panofsky, Wolfgang KH and Phillips, Melba},
  year={2005},
  publisher={Courier Corporation}
}


@book{jefimenko1989electricity,
  title={Electricity and Magnetism: An Introduction to the Theory of Electric and Magnetic Fields},
  author={Jefimenko, Oleg D},
  year={1989},
  publisher={Electret Scientific Company}
}


@book{zangwill2013modern,
  title={Modern electrodynamics},
  author={Zangwill, Andrew},
  year={2013},
  publisher={Cambridge University Press}
}


@book{schwinger1998classical,
  title={Classical electrodynamics},
  author={Schwinger, Julian and DeRaad Jr, Lester L and Milton, Kimball and Tsai, Wu-yang},
  year={1998},
  publisher={Westview Press}
}


@misc{jackson1999classical,
  title={Classical electrodynamics},
  author={Jackson, John David},
  year={1999},
  publisher={American Association of Physics Teachers}
}


